<record><leader>00000cas a2200000 a 4500</leader><controlfield tag="001">11693293</controlfield><controlfield tag="008">850214d18791881ksuwr ne      0    0eng d</controlfield><datafield ind1=" " ind2=" " tag="010"><subfield code="a">sn 85030936 </subfield></datafield><datafield ind1=" " ind2=" " tag="040"><subfield code="a">KSH</subfield><subfield code="b">eng</subfield><subfield code="c">KSH</subfield><subfield code="d">NPT</subfield><subfield code="d">NPX</subfield><subfield code="d">OCL</subfield><subfield code="d">OCLCQ</subfield></datafield><datafield ind1=" " ind2=" " tag="042"><subfield code="a">msc</subfield></datafield><datafield ind1="0" ind2="0" tag="245"><subfield code="a">Lincoln register.</subfield></datafield><datafield ind1="1" ind2="3" tag="246"><subfield code="a">Lincoln County register</subfield><subfield code="f">&lt;Jan. 7&gt;-May 12, 1881</subfield></datafield><datafield ind1=" " ind2=" " tag="260"><subfield code="a">Lincoln Center, Kan. :</subfield><subfield code="b">George W. Anderson,</subfield><subfield code="c">1879-1881.</subfield></datafield><datafield ind1=" " ind2=" " tag="300"><subfield code="a">v. ;</subfield><subfield code="c">50-59 cm.</subfield></datafield><datafield ind1=" " ind2=" " tag="310"><subfield code="a">Weekly</subfield></datafield><datafield ind1="0" ind2=" " tag="362"><subfield code="a">Vol. 5, no. 14 (Sept. 25, 1879)-v. 7, no. 22 (Nov. 4, 1881).</subfield></datafield><datafield ind1=" " ind2=" " tag="752"><subfield code="a">United States</subfield><subfield code="b">Kansas</subfield><subfield code="c">Lincoln</subfield><subfield code="d">Lincoln.</subfield></datafield><datafield ind1="0" ind2="0" tag="780"><subfield code="t">Saline Valley register (Lincoln, Kan. : 1875)</subfield><subfield code="w">(DLC)sn 85030933</subfield></datafield><datafield ind1="0" ind2="0" tag="785"><subfield code="t">Saline Valley register (Lincoln, Kan. : 1881)</subfield><subfield code="w">(DLC)sn 85030931</subfield></datafield></record>